@article{explainable_note_coding,
title = {Explainable automated coding of clinical notes using hierarchical label-wise attention networks and label embedding initialisation},
journal = {Journal of Biomedical Informatics},
volume = {116},
pages = {103728},
year = {2021},
issn = {1532-0464},
doi = {https://doi.org/10.1016/j.jbi.2021.103728},
url = {https://www.sciencedirect.com/science/article/pii/S1532046421000575},
author = {Hang Dong and Víctor Suárez-Paniagua and William Whiteley and Honghan Wu},
keywords = {Automated medical coding, Deep learning, Attention Mechanisms, Explainability, Natural Language Processing, Multi-label classification, Label correlation}
}
@article{lee2023ehrsqlpracticaltexttosqlbenchmark,
      title={EHRSQL: A Practical Text-to-SQL Benchmark for Electronic Health Records}, 
      author={Gyubok Lee and Hyeonji Hwang and Seongsu Bae and Yeonsu Kwon and Woncheol Shin and Seongjun Yang and Minjoon Seo and Jong-Yeup Kim and Edward Choi},
      year={2023},
      eprint={2301.07695},
      archivePrefix={arXiv},
      primaryClass={cs.CL},
      url={https://arxiv.org/abs/2301.07695}, 
}
@article{improving_code_prediction,
author = {Bai, Tian and Vucetic, Slobodan},
title = {Improving Medical Code Prediction from Clinical Text via Incorporating Online Knowledge Sources},
year = {2019},
isbn = {9781450366748},
publisher = {Association for Computing Machinery},
address = {New York, NY, USA},
url = {https://doi.org/10.1145/3308558.3313485},
doi = {10.1145/3308558.3313485},
booktitle = {The World Wide Web Conference},
pages = {72–82},
numpages = {11},
keywords = {Multi-label classification, attention mechanism, document similarity learning, healthcare},
location = {San Francisco, CA, USA},
series = {WWW '19}
}